<?xml version="1.0" encoding="UTF-8"?><collection xmlns="http://www.loc.gov/MARC21/slim"><record><leader>00481nam--2200157-i-4500</leader><controlfield tag="001">000009425</controlfield><controlfield tag="002">20161230</controlfield><controlfield tag="005">20161230201028</controlfield><controlfield tag="008">060222s1000------------r-----000-0-eng-d</controlfield><datafield ind1=" " ind2=" " tag="040"><subfield code="a">IFIN-HH</subfield></datafield><datafield ind1=" " ind2=" " tag="080"><subfield code="a">536.7:530.12</subfield></datafield><datafield ind1="1" ind2=" " tag="100"><subfield code="a">Brascamp, H.J</subfield></datafield><datafield ind1="1" ind2="0" tag="245"><subfield code="a">Equilibrium states for a one dimensional lattice gas</subfield><subfield code="c">H.j. brascamp</subfield></datafield><datafield ind1=" " ind2=" " tag="260"><subfield code="a">Groningen</subfield><subfield code="b">Institute For Theoretical Physics, Rijks-universiteit Groningen</subfield><subfield code="c">/1970</subfield></datafield><datafield ind1=" " ind2=" " tag="852"><subfield code="a">33653</subfield><subfield code="c">536.7</subfield></datafield><datafield ind1=" " ind2=" " tag="CAT"><subfield code="a">Sys</subfield><subfield code="c">20110517</subfield><subfield code="h">134921</subfield></datafield></record></collection>